@article {einstein1905_photo_electric,
  title = {{\ "U} on a heuristic point of view concerning the generation and transformation of light},
  author = {Einstein, Albert},
  journal = {annals of physics},
  volume = {4},
  year = {1905}
}

@article{einstein_brownian,
  title={On the movement of small particles suspended in stationary liquids required by the molecularkinetic theory of heat},
  author={Einstein, A},
  journal={Ann. d. Phys},
  volume={17},
  number={549-560},
  pages={1},
  year={1905}
}

@article{einstein_spc_rel,
  title={On the electrodynamics of moving bodies},
  author={Einstein, Albert},
  journal={Annalen der physik},
  volume={17},
  number={10},
  pages={891--921},
  year={1905}
}

@article{einstein_emc2,
  title={Does the inertia of a body depend upon its energy-content},
  author={Einstein, Albert},
  journal={Ann Phys},
  volume={18},
  pages={639--641},
  year={1905}
}

@incollection{einstein_gen_rel,
  title={Die grundlage der allgemeinen relativit{\"a}tstheorie},
  author={Einstein, Albert},
  booktitle={Das Relativit{\"a}tsprinzip},
  pages={81--124},
  year={1923},
  publisher={Springer}
}

@article{example,
  title={It is an axample},
  author={Dravid, Rahul and Tendulkar, Sachin R and Laxman, VVS and Ganguly, Saurav},
  journal={Cricket},
  volume={World Cup},
  pages={1--11},
  year={2011},
  publisher={BCCI}
}

